% Encoding: UTF-8

@Online{Goodwin2024,
  author = {Michael Goodwin},
  date   = {2024-04-09},
  title  = {What is an API (application programming interface)?},
  url    = {https://www.ibm.com/topics/api},
}

@Online{RedHat2022,
  author = {{Red Hat}},
  date   = {2022-06-02},
  title  = {What is an API?},
  url    = {https://www.redhat.com/en/topics/api/what-are-application-programming-interfaces},
}

@PhdThesis{Fielding2000,
  author      = {Roy Thomas Fielding},
  date        = {2000-01-01},
  institution = {University of California},
  title       = {Architectural Styles andthe Design of Network-based Software Architectures},
}

@Online{MozillaFoundation,
  author = {{Mozilla Foundation}},
  title  = {HTTP},
  url    = {https://developer.mozilla.org/en-US/docs/Web/HTTP},
}

@Article{Fowler2010,
  author       = {Martin Fowler},
  date         = {2010-03-18},
  journaltitle = {martinfowler.com},
  title        = {Richardson Maturity Model},
}

@Online{OpenAPIInitiative2021,
  author = {{OpenAPI Initiative}},
  date   = {2021-02-15},
  title  = {OpenAPI Specification v3.1.0},
  url    = {https://spec.openapis.org/oas/v3.1.0.html},
}

@Online{ZAG2024,
  author = {{Zalando API Guild}},
  date   = {2024-06-27},
  title  = {Zalando RESTful API and Event Guidelines},
  url    = {https://opensource.zalando.com/restful-api-guidelines},
}

@Online{VueJS,
  author = {{Vue.js}},
  title  = {Introduction},
  url    = {https://vuejs.org/guide/introduction.html},
}

@Online{Laravel,
  author = {Laravel},
  title  = {Why Laravel?},
  url    = {https://laravel.com/docs/11.x#why-laravel},
}

@Comment{jabref-meta: databaseType:biblatex;}
